%Encoding UTF-8

@Misc{Tsai2017,
author={Tsai, D. B.},
title={NETFLIX'S Recommendation ML Pipeline Using Apache Spark},
year={2017},
month={2},
url={http://spark-summit.org/east-2017/events/netflixs-recommendation-ml-pipeline-using-apache-spark},
note={Talk at Spark Summit East, 2017},
}


@inproceedings{Aghababyan2017,
 author = {Aghababyan, Ani and Lewkow, Nicholas and Baker, Ryan},
 title = {Exploring the Asymmetry of Metacognition},
 booktitle = {Proceedings of the Seventh International Learning Analytics; Knowledge Conference},
 series = {LAK '17},
 year = {2017},
 isbn = {978-1-4503-4870-6},
 location = {Vancouver, British Columbia, Canada},
 pages = {115--119},
 numpages = {5},
 doi = {10.1145/3027385.3027388},
 acmid = {3027388},
 publisher = {ACM},
 address = {New York, NY, USA},
 keywords = {achievement, big data, confidence, discipline difference, learnign analytics, metacognition, performance},
}

@incollection{Pavlik2009,
	author={Pavlik, P. I., Jr. and Cen, Hao and Koedinger, Kenneth R.},
	title={Performance Factors Analysis -- A New Alternative to Knowledge Tracing},
	booktitle={Proceedings of the 2009 conference on Artificial Intelligence in Education: Building Learning Systems that Care: From Knowledge Representation to Affective Modelling},
	year={2009},
	publisher={IOS Press},
	address={Amsterdam},
	pages={531-538},
}

@book{Leitner1972,
	author={Leitner, S.},
	title={So lernt man lernen. Der Weg zum Erfolg (How to learn to learn)},
	address={Freiburg},
	publisher={Herder},
	year={1972},
}

@article{CorbettAnderson1995,
	author={Corbett, A.T. and Anderson, J.R.},
	title={Knowledge tracing: Modeling the acquisition of procedural knowledge},
	journal={User Model User-Adapted Interaction},
	year={1994},
	volume={4},
	pages={253-278},
	publisher={Kluwer Academic Publishers},
}

@incollection{Pavlik2016,
	author={Pavlik Jr., P. I. and  Kelly, C. and Maass, J. K.},
	title={Using the mobile fact and concept training system (MoFaCTS)},
	booktitle={Proceedings of the 13th International Conference on Intelligent Tutoring Systems},
	editor={Micarelli, A and Stamper, J.},
	publisher={Springer},
	address={Switzerland},
	year={2016},
	pages={247-253},
}

@incollection{Kam2009,
	author={Kam, M. and Kumar, A. and Jain, S. and Mathur, A. and Canny, J.},
	title={Improving literacy in rural India: Cellphone games in an after-school program},
	booktitle={Proceedings of IEEE/ACM Conference on Information and Communication Technology and Development},
	publisher={IEEE Press },
	address={Doha, Qatar},
	year={2009},
}

@incollection{riedesel2017,
	author = {Riedesel, Mark A.  and Zimmerman, Neil  and Baker, Ryan  and Titchener, Tom  and Cooper, James},
	title = {Using a Model for Learning and Memory to Simulate Learner Response in Spaced Practice},
	booktitle = {Artificial Intelligence in Education,18th International Conference, AIED 2017, Wuhan, China, June 28 to July 1, 2017, Proceedings},
	editor = {André, Elisabeth  and Baker, Ryan and Hu, Xiangen  and Mercedes, Ma. and Rodrigo, T.  and du Boulay, Benedict},
	publisher = {Springer International Publishing},
	year = {2017},
	pages = {644-649},
}

@article{rohrer2007,
	author = {Rohrer, D. and Taylor, K.}, 
	title = {The shuffling of mathematics problems improves learning}, 
	journal = {Instructional Science},
	volume = {35},
	pages = {481-498},
	year = {2007},
}

Excerpt From: Peter C Brown. ?Make It Stick.? iBooks. https://itunes.apple.com/us/book/make-it-stick/id985224876?mt=11
@article{roediger2006,
	author = {Roediger,  H.L. and  Karpicke,  J.D.},
	title = {Test-Enhanced Learning:  Taking  Memory Tests Improves Long-Term Retention},
	journal = {Psychological Science},
	volume = {17},
	pages = {249-255},
	year = {2006}
}

@incollection{settles2016,
	author = {Settles, Burr and Meeder, Brendan},
	title = {A Trainable Spaced Repetition Model for Language Learning},
	booktitle = {Proceedings of the 54th Annual Meeting of the Association for Computational Linguistics},
	publisher = {Association for Computational Linguistics},
	address = {Berlin, Germany},
	year = {2016},
	pages = {1848-1858},
}

@article{karpicke2008,
	author ={Karpicke, J.D. and Roediger, H.L.},
	title ={The critical importance of retrieval for learning. Science},
	journal ={Science},
	volume ={319},
	pages = {966-968},
	year = {2008},
}

@book{blume1956,
	author = {Bloom, B.S. (Ed.) and Engelhart, M.D. and Furst, E.J. and Hill, W.H. and Krathwohl, D.R.},
	title =  {Taxonomy of Educational Objectives, Handbook I: The Cognitive Domain.},
	publisher = { David McKay Co Inc.},
	address = {New York},
	year = {1956},
}

@article{cepeda2008,
	author = {Cepeda, N. J. and Vul, E. and Rohrer, D. and Wixted, J. T. and Pashler, H.},
	title = {Spacing Effects in Learning, A Temporal Ridgeline of Optimal Retention}, 
	journal = {Psychological Science},
	volume = {19}, 
	number = {11}, 
	pages = {1095-1102}, 
	year = {2008},
}

@book{ebbinghaus,
	author = {Ebbinghuas, H.},
	title = {Memory, a contribution to experimental psychology},
	translator = {H. Ruger and C. Bussenius}, 
	publisher = {Dover}, 
	address = {New York},
	year =  {1885},
}

@article{pa2005,
	author = {Pavlik, P. I. and Anderson, John R.},
	title = {Practice and Forgetting Effects on Vocabulary Memory: An Activation-Based Model of the Spacing Effect},  
	journal = {Cognitive Science},
	volume = {29}, 
	pages = {559-586},
	year = {2005},
}

@article{pa2008,
	author = {Pavlik, P. I. and Anderson, John R.},
	title = {Using a Model to Compute the Optimal Schedule of Practice}, 
	journal = {Journal of Experimental Psychology: Applied},
	volume =  {14}, 
	number = {2}, 
	pages = {101-117}, 
	year = {2008},
}

@incollection{mozer2016,
	author = {Mozer, M. C. and Lindsey, Robert V.},
	title = {Predicting and Improving Memory Retention: Psychological Theory Matters in the Big Data Era},
	editor = {Jones, M.}, 
	booktitle = {Big Data in Cognitive Science}, 
	publisher = {Taylor \& Francis},
	year = {2016},
}

@book{stick2014,
 	author = {Brown, Peter C.  and Roedinger, Henry L.  and McDaniel, Mark A. },
	title = {make it stick: The Science of Successful Learning}, 
	publisher = {Belknap Press: An Imprint of Harvard University Press}, 
	address = {Cambridge, MA},
	year = {2014},
}               

@phdthesis{lindsey2014,
	author = {Robert V. Lindsey},
	title = {Probabilistic Models of Student Learning andForgetting},
	school = {University of Colorado at Boulder}, 
	year = {2014},
}
